@BOOK {steveblankbobdorf2013,
    author    	= "Steve Blank and Bob Dorf",
    title     	= "El manual del emprendedor",
    publisher 	= "Grupo Planeta Spain",
    year      	= "2013"
}


@ONLINE {albertoiglesiasfraga2016,
    author 	= "Alberto Iglesias Fraga",
    title  	= "Así laten las startups en España",
    month  	= "feb",
    year   	= "2016",
    url    	= "http://www.ticbeat.com/entrevistas/asi-laten-startups-espana/"
}

@ONLINE {startupxplore2017,
    author 	= "Startupxplore",
    title  	= "A view of the spanish startup community",
    month  	= "jan",
    year   	= "2017",
    url    	= "https://startupxplore.com/en/infographic/"
}

@ARTICLE {ashokbhanudasnavale2013,
    author  	= "Ashok Bhanudas Navale",
    title   	= "Developing entrepreneur skills for corporate work",
    journal 	= "Research Directions",
    year    	= "2013",
    volume  	= "1",
    pages   	= "1-3",
    month   	= "oct"
}

@ONLINE {albertini2015,
    author 	= "Albertini",
    title  	= "Bienvenidos a Catán, la isla que jubiló a un dentista",
    month  	= "feb",
    year   	= "2015",
    url    	= "https://www.xataka.com/videojuegos/bienvenidos-a-catan-la-isla-que-jubilo-a-un-dentista"
}

@ONLINE {faceentrepreneurship2016,
    author 	= "FACE Entrepreneurship",
    title  	= "7 JUEGOS DE MESA PARA EMPRENDEDORES",
    month  	= "may",
    year   	= "2016",
    url    	= "http://www.face-entrepreneurship.eu/es/blog/articulos/7-juegos-de-mesa-para-emprendedores"
}

@ONLINE {andreapelaez,
    author 	= "Andrea Peláez",
    title  	= "¿En qué consiste la metodología Lean Startup?",
    month  	= "sep",
    year   	= "2015",
    url    	= "http://www.opinno.com/es/contenido/en-que-consiste-la-metodologia-lean-startup"
}

@ONLINE {antevenio2016,
    author = "antevenio",
    title  = "¿En qué consiste la metodología Lean Startup?",
    month  = "mar",
    year   = "2016",
    url    = "http://www.antevenio.com/blog/2016/03/en-que-consiste-la-metodologia-lean-startup/"
}

@ONLINE {emooc,
    author = "e-mooc",
    title  = "Iterar o pivotar",
    url    = "http://www.e-mooc.com/lecciones-en-texto/iterar-o-pivotar/"
}

@ONLINE {mariagonzalez2015,
    author = "María González",
    title  = "Si te gustó 'Los Colonos de Catán', atento a estos dos nuevos juegos de mesa",
    month  = "jan",
    year   = "2015",
    url    = "https://www.xataka.com/literatura-comics-y-juegos/si-te-gusto-los-colonos-de-catan-atento-a-estos-dos-nuevos-juegos-de-mesa"
}

@misc{UNE50136:97,
	Author = {AENOR},
	Date-Added = {2014-11-04 19:52:15 +0000},
	Date-Modified = {2014-11-04 19:53:44 +0000},
	Keywords = {norma une para tesis y trabajos similares},
	Title = {norma UNE 50136:1997.},
	Url = {http://docubib.uc3m.es/CURSOS/Documentos_cientificos/Normas%20y%20directrices/UNE_50136=ISO%207144.pdf},
	Year = {1997},
	Bdsk-Url-1 = {http://docubib.uc3m.es/CURSOS/Documentos_cientificos/Normas%20y%20directrices/UNE_50136=ISO%207144.pdf}}

@misc{BOE_IM_UA,
	Author = {BOE},
	Date-Added = {2014-11-03 13:30:26 +0000},
	Date-Modified = {2014-11-03 13:33:43 +0000},
	Howpublished = {BOE, 22 marzo de 2012},
	Keywords = {BOE, plan estudios, Ingenier{\'\i}a Multimedia},
	Month = {marzo},
	Title = {Resoluci{\'o}n de 7 de marzo de 2012, de la Universidad de Alicante, por la que se publica el plan de estudios de Graduado en Ingenier{\'\i}a Multimedia.},
	Url = {http://www.boe.es/boe/dias/2012/03/22/pdfs/BOE-A-2012-4008.pdf},
	Year = {2012},
	Bdsk-Url-1 = {http://www.boe.es/boe/dias/2012/03/22/pdfs/BOE-A-2012-4008.pdf}}
